@online{ASYMMETRIC2023,
  author   = {DigiCert},
  keywords = {image,presentation},
  note     = {Website institucional da autoridade em certificados DigiCert, St. Petersburg, FL, USA},
  title    = {DigiCert - How does SSL Works?},
  url      = {https://www.thesslstore.com/blog/asymmetric-encryption-what-it-is-why-your-security-depends-on-it/},
  urldate  = {2023-06-29},
  year     = {2023},
}

@online{BACEN2023,
  author   = {BACEN},
  keywords = {image,presentation},
  note     = {Website institucional do Banco Central do Brasil, sediado em Brasília, DF, BRA},
  title    = {Banco Central do Brasil - CBDCs},
  url      = {https://www.bcb.gov.br/content/estabilidadefinanceira/real_digital_docs/workshop/Workshop_Sessao_2_ModelosDeNegocio_Piloto_RD.pdf},
  urldate  = {2023-06-29},
  year     = {2023},
}

@article{barros_silva_2023,
  address  = {São Paulo, SP, BRA},
  author   = {Barros, Alice De Souza Araujo and Silva, Paulo Vitor Jordão Da Gama},
  doi      = {10.7769/gesec.v14i5.2215},
  issn     = {2178-9010},
  journal  = {Revista de Gestão e Secretariado (Management and Administrative Professional Review)},
  keywords = {thesis},
  number   = {5},
  pages    = {8343-8362},
  title    = {Análise do crescimento e impacto das Startups Fintechs nas economias dos países emergentes do BRICS},
  url      = {https://ojs.revistagesec.org.br/secretariado/article/view/2215},
  urldate  = {2023-06-29},
  volume   = {14},
  year     = {2023},
}

@article{boido_aliano_2023,
  address  = {[s.l.]},
  author   = {Claudio Boido and Mauro Aliano},
  doi      = {https://doi.org/10.1016/j.frl.2022.103380},
  issn     = {1544-6123},
  journal  = {Finance Research Letters},
  keywords = {thesis},
  pages    = {103380},
  title    = {Digital art and non-fungible-token: Bubble or revolution?},
  url      = {https://www.sciencedirect.com/science/article/pii/S1544612322005578},
  urldate  = {2023-06-29},
  volume   = {52},
  year     = {2023},
}

@online{CBDCTracker2022,
  author   = {Atlantic Council},
  keywords = {image,presentation},
  note     = {Mantido pelo Conselho do Atlântico, sediado em Washington, DC, USA},
  title    = {Central Bank Digital Currency Tracker},
  url      = {https://www.atlanticcouncil.org/cbdctracker/},
  urldate  = {2023-06-29},
  year     = {2022},
}

@online{ENISA2023,
  author   = {ENISA},
  keywords = {image,presentation},
  note     = {Mantido pelo The European Union Agency for Cybersecurity, sediada em Atenas, GRC},
  title    = {Central Bank Digital Currency Tracker},
  url      = {https://www.enisa.europa.eu/news/cybersecurity-threats-fast-forward-2030},
  urldate  = {2023-06-29},
  year     = {2023},
}

@online{HTTPS2023,
  author   = {Cloudways},
  keywords = {image,presentation},
  note     = {Blog da empresa de comércio eletrônico Cloudways, sediada em Saint Julian's, Malta, MT},
  title    = {HTTP versus HTTPS},
  url      = {https://www.cloudways.com/blog/ecommerce-ssl-certificates/},
  urldate  = {2023-06-29},
  year     = {2023},
}

@online{IBM_quantum_2023,
  author   = {IBM},
  keywords = {thesis},
  note     = {Site institucional do departamento de computação quântica da IBM, USA},
  title    = {IBM Quantum Computing},
  url      = {https://www.ibm.com/quantum},
  urldate  = {2023-06-29},
  year     = {2023},
}

@online{MICROSOFT_REST_TRANSIT_USE_2023,
  author   = {Microsoft},
  keywords = {image,presentation},
  note     = {Site de documentos técnicos da Microsoft, sediada em Redmond, WA, USA},
  title    = {Confidential Computing},
  url      = {https://techcommunity.microsoft.com/t5/azure-confidential-computing/navigating-confidential-computing-across-azure/ba-p/2520752},
  urldate  = {2023-06-29},
  year     = {2023},
}

@online{NIST_present_2022,
  address  = {Gaithersburg, MD, USA},
  author   = {NIST},
  keywords = {thesis},
  note     = {Apresentação do NIST sobre criptografia pós-quântica e algoritmos selecionados.},
  title    = {The Beginning of the End: The First NIST PQC Standards},
  url      = {https://csrc.nist.gov/csrc/media/Presentations/2022/the-beginning-of-the-end-the-first-nist-pqc-standa/images-media/pkc2022-march2022-moody.pdf},
  urldate  = {2023-06-29},
  year     = {2022},
}

@online{OWASP_TOP10_2021,
  author   = {OWASP},
  keywords = {image,presentation},
  note     = {Site de documentos técnicos da OWASP, sediada em Wakefield, MA, USA},
  title    = {TOP 10 OWASP - Principais Vulnerabilidades},
  url      = {https://owasp.org/www-project-top-ten/},
  urldate  = {2023-06-29},
  year     = {2021},
}



@online{PERSPECTIVES2023,
  author   = {Infosys},
  keywords = {image,presentation},
  note     = {Relatório sobre Cybersecurity da empresa Infosys, sediada em Bangalore, KA, IN},
  title    = {Cybersecurity Perspectives},
  url      = {https://www.infosys.com/iki/perspectives/2021-cybersecurity-trends-report.html},
  urldate  = {2023-06-29},
  year     = {2023},
}

@mastersthesis{runge_2022,
  address   = {Berlim, DE},
  author    = {Tilman Runge},
  keywords  = {thesis},
  pagetotal = {66},
  school    = {Universidade Técnica de Brandemburgo},
  title     = {Dismantling the Quantum Threat},
  url       = {https://opus4.kobv.de/opus4-fhbrb/frontdoor/deliver/index/docId/2888/file/DismantlingTheQuantumThreat.pdf},
  urldate   = {2023-06-29},
  year      = {2022},
}

@online{SALESFORCE_REST_TRANSIT_2023,
  author   = {Salesforce},
  keywords = {image,presentation},
  note     = {Site de documentos técnicos da Salesforce, sediada em San Francisco, CA, USA},
  title    = {Criptografia de Dados em Trânsito e em Repouso},
  url      = {https://trailhead.salesforce.com/pt-BR/content/learn/modules/public-key-infrastructure-and-encryption/encrypt-data-at-rest},
  urldate  = {2023-06-29},
  year     = {2023},
}

@inproceedings{VOS_END2END,
  address   = {CAMPUS, 4 CRINAN ST, LONDON, N1 9XW, ENGLAND},
  author    = {Brito, Andrey and Fetzer, Christof and Koepsell, Stefan and Pietzuch, Peter and Pasin, Marcelo and Felber, Pascal and Fonseca, Keiko and Rosa, Marcelo and Gomes-, Luiz, Jr. and Riella, Rodrigo and Prado, Charles and Rust, Luiz F. and Lucani, Daniel E. and Sipos, Marton and Nagy, Laszlo and Feher, Marcell},
  doi       = {10.1186/s13677-019-0141-z},
  journal   = {JOURNAL OF CLOUD COMPUTING-ADVANCES SYSTEMS AND APPLICATIONS},
  keywords  = {vos},
  language  = {English},
  month     = {12},
  number    = {1},
  publisher = {SPRINGEROPEN},
  title     = {Secure end-to-end processing of smart metering data},
  volume    = {8},
  year      = {2019},
}

@inproceedings{VOS_SGX,
  address   = {1515 BROADWAY, NEW YORK, NY 10036-9998 USA},
  author    = {Tian, Dave (Jing) and Choi, Joseph, I and Hernandez, Grant and Traynor, Patrick and Butler, Kevin R. B.},
  doi       = {10.1145/3292006.3300030},
  isbn      = {978-1-4503-6099-9},
  journal   = {PROCEEDINGS OF THE NINTH ACM CONFERENCE ON DATA AND APPLICATION SECURITY AND PRIVACY (CODASPY `19)},
  keywords  = {vos},
  language  = {English},
  note      = {Backup Publisher: Assoc Comp Machinery; ACM SIGSAC; Univ Texas Dallas},
  pages     = {255–266},
  publisher = {ASSOC COMPUTING MACHINERY},
  title     = {A Practical Intel SGX Setting for Linux Containers in the Cloud},
  year      = {2019},
}


@inproceedings{VOS_VALLUM,
  address    = {10662 LOS VAQUEROS CIRCLE, PO BOX 3014, LOS ALAMITOS, CA 90720-1264 USA},
  author     = {Peterson, Ronny and Carvalho, Andre and da Silva, Altigran and Fernandez, Gabriel and Martin, Andre and Fetzer, Christof and Brito, Andrey},
  collection = {International Conference on Cloud Computing Technology and Science},
  doi        = {10.1109/CloudCom.2019.00026},
  editor     = {Chen, J and Yang, LT},
  isbn       = {978-1-72815-011-6},
  issn       = {2330-2194},
  journal    = {11TH IEEE INTERNATIONAL CONFERENCE ON CLOUD COMPUTING TECHNOLOGY AND SCIENCE (CLOUDCOM 2019)},
  keywords   = {vos},
  language   = {English},
  note       = {Backup Publisher: IEEE; IEEE Comp Soc},
  pages      = {103–110},
  publisher  = {IEEE COMPUTER SOC},
  series     = {International Conference on Cloud Computing Technology and Science},
  title      = {Vallum: Privacy, Confidentiality and Access Control for Sensitive Data in Cloud Environments},
  year       = {2019},
}

 @article{wenhua2023,
  address        = {Basileia, CHE},
  article-number = {546},
  author         = {Wenhua, Zhang and Qamar, Faizan and Abdali, Taj-Aldeen Naser and Hassan, Rosilah and Jafri, Syed Talib Abbas and Nguyen, Quang Ngoc},
  doi            = {10.3390/electronics12030546},
  issn           = {2079-9292},
  journal        = {Electronics},
  keywords       = {thesis},
  number         = {3},
  title          = {Blockchain Technology: Security Issues, Healthcare Applications, Challenges and Future Trends},
  url            = {https://www.mdpi.com/2079-9292/12/3/546},
  urldate        = {2023-06-29},
  volume         = {12},
  year           = {2023},
}

 @inproceedings{xu2023,
  address   = {Baltimore, MD, USA},
  author    = {Xu, Guobin and Mao, Jianzhou and Sakk, Eric and Wang, Shuangbao Paul},
  booktitle = {2023 57th Annual Conference on Information Sciences and Systems (CISS)},
  doi       = {10.1109/CISS56502.2023.10089619},
  keywords  = {thesis},
  number    = {57},
  pages     = {1-6},
  title     = {An Overview of Quantum-Safe Approaches: Quantum Key Distribution and Post-Quantum Cryptography},
  url       = {https://ieeexplore-ieee-org.ez67.periodicos.capes.gov.br/document/10089619},
  urldate   = {2023-06-29},
  volume    = {1},
  year      = {2023},
}
